%YAML 1.1
%TAG !u! tag:unity3d.com,2011:
--- !u!29 &1
OcclusionCullingSettings:
  m_ObjectHideFlags: 0
  serializedVersion: 2
  m_OcclusionBakeSettings:
    smallestOccluder: 5
    smallestHole: 0.25
    backfaceThreshold: 100
  m_SceneGUID: 00000000000000000000000000000000
  m_OcclusionCullingData: {fileID: 0}
--- !u!104 &2
RenderSettings:
  m_ObjectHideFlags: 0
  serializedVersion: 9
  m_Fog: 0
  m_FogColor: {r: 0.5, g: 0.5, b: 0.5, a: 1}
  m_FogMode: 3
  m_FogDensity: 0.01
  m_LinearFogStart: 0
  m_LinearFogEnd: 300
  m_AmbientSkyColor: {r: 0.212, g: 0.227, b: 0.259, a: 1}
  m_AmbientEquatorColor: {r: 0.114, g: 0.125, b: 0.133, a: 1}
  m_AmbientGroundColor: {r: 0.047, g: 0.043, b: 0.035, a: 1}
  m_AmbientIntensity: 1
  m_AmbientMode: 0
  m_SubtractiveShadowColor: {r: 0.42, g: 0.478, b: 0.627, a: 1}
  m_SkyboxMaterial: {fileID: 10304, guid: 0000000000000000f000000000000000, type: 0}
  m_HaloStrength: 0.5
  m_FlareStrength: 1
  m_FlareFadeSpeed: 3
  m_HaloTexture: {fileID: 0}
  m_SpotCookie: {fileID: 10001, guid: 0000000000000000e000000000000000, type: 0}
  m_DefaultReflectionMode: 0
  m_DefaultReflectionResolution: 128
  m_ReflectionBounces: 1
  m_ReflectionIntensity: 1
  m_CustomReflection: {fileID: 0}
  m_Sun: {fileID: 705507994}
  m_IndirectSpecularColor: {r: 0, g: 0, b: 0, a: 1}
  m_UseRadianceAmbientProbe: 0
--- !u!157 &3
LightmapSettings:
  m_ObjectHideFlags: 0
  serializedVersion: 11
  m_GIWorkflowMode: 1
  m_GISettings:
    serializedVersion: 2
    m_BounceScale: 1
    m_IndirectOutputScale: 1
    m_AlbedoBoost: 1
    m_EnvironmentLightingMode: 0
    m_EnableBakedLightmaps: 1
    m_EnableRealtimeLightmaps: 0
  m_LightmapEditorSettings:
    serializedVersion: 12
    m_Resolution: 2
    m_BakeResolution: 40
    m_AtlasSize: 1024
    m_AO: 0
    m_AOMaxDistance: 1
    m_CompAOExponent: 1
    m_CompAOExponentDirect: 0
    m_ExtractAmbientOcclusion: 0
    m_Padding: 2
    m_LightmapParameters: {fileID: 0}
    m_LightmapsBakeMode: 1
    m_TextureCompression: 1
    m_FinalGather: 0
    m_FinalGatherFiltering: 1
    m_FinalGatherRayCount: 256
    m_ReflectionCompression: 2
    m_MixedBakeMode: 2
    m_BakeBackend: 1
    m_PVRSampling: 1
    m_PVRDirectSampleCount: 32
    m_PVRSampleCount: 500
    m_PVRBounces: 2
    m_PVREnvironmentSampleCount: 500
    m_PVREnvironmentReferencePointCount: 2048
    m_PVRFilteringMode: 2
    m_PVRDenoiserTypeDirect: 0
    m_PVRDenoiserTypeIndirect: 0
    m_PVRDenoiserTypeAO: 0
    m_PVRFilterTypeDirect: 0
    m_PVRFilterTypeIndirect: 0
    m_PVRFilterTypeAO: 0
    m_PVREnvironmentMIS: 0
    m_PVRCulling: 1
    m_PVRFilteringGaussRadiusDirect: 1
    m_PVRFilteringGaussRadiusIndirect: 5
    m_PVRFilteringGaussRadiusAO: 2
    m_PVRFilteringAtrousPositionSigmaDirect: 0.5
    m_PVRFilteringAtrousPositionSigmaIndirect: 2
    m_PVRFilteringAtrousPositionSigmaAO: 1
    m_ExportTrainingData: 0
    m_TrainingDataDestination: TrainingData
    m_LightProbeSampleCountMultiplier: 4
  m_LightingDataAsset: {fileID: 0}
  m_UseShadowmask: 1
--- !u!196 &4
NavMeshSettings:
  serializedVersion: 2
  m_ObjectHideFlags: 0
  m_BuildSettings:
    serializedVersion: 2
    agentTypeID: 0
    agentRadius: 0.5
    agentHeight: 2
    agentSlope: 45
    agentClimb: 0.4
    ledgeDropHeight: 0
    maxJumpAcrossDistance: 0
    minRegionArea: 2
    manualCellSize: 0
    cellSize: 0.16666667
    manualTileSize: 0
    tileSize: 256
    accuratePlacement: 0
    debug:
      m_Flags: 0
  m_NavMeshData: {fileID: 23800000, guid: 6163a78aecd369640a00efba6f5752eb, type: 2}
--- !u!1 &69960403 stripped
GameObject:
  m_CorrespondingSourceObject: {fileID: 8990362515862882556, guid: 2c117888d59130642a21f782fecef88c,
    type: 3}
  m_PrefabInstance: {fileID: 8084181970082630449}
  m_PrefabAsset: {fileID: 0}
--- !u!114 &72457121 stripped
MonoBehaviour:
  m_CorrespondingSourceObject: {fileID: 7323999285063235466, guid: d6b4bf56291585d418a22fea1d0b61d8,
    type: 3}
  m_PrefabInstance: {fileID: 1607769433}
  m_PrefabAsset: {fileID: 0}
  m_GameObject: {fileID: 0}
  m_Enabled: 1
  m_EditorHideFlags: 0
  m_Script: {fileID: 11500000, guid: 7f3b8eb672f59064688919bf041d105a, type: 3}
  m_Name: 
  m_EditorClassIdentifier: 
--- !u!1 &87160826
GameObject:
  m_ObjectHideFlags: 0
  m_CorrespondingSourceObject: {fileID: 0}
  m_PrefabInstance: {fileID: 0}
  m_PrefabAsset: {fileID: 0}
  serializedVersion: 6
  m_Component:
  - component: {fileID: 87160827}
  m_Layer: 0
  m_Name: Path
  m_TagString: Untagged
  m_Icon: {fileID: 0}
  m_NavMeshLayer: 0
  m_StaticEditorFlags: 0
  m_IsActive: 1
--- !u!4 &87160827
Transform:
  m_ObjectHideFlags: 0
  m_CorrespondingSourceObject: {fileID: 0}
  m_PrefabInstance: {fileID: 0}
  m_PrefabAsset: {fileID: 0}
  m_GameObject: {fileID: 87160826}
  m_LocalRotation: {x: 0, y: 0, z: 0, w: 1}
  m_LocalPosition: {x: 3.4, y: -18.248575, z: 1.2}
  m_LocalScale: {x: 1, y: 1, z: 1}
  m_Children:
  - {fileID: 1464384149}
  - {fileID: 1905523301}
  - {fileID: 1844559094}
  m_Father: {fileID: 0}
  m_RootOrder: 5
  m_LocalEulerAnglesHint: {x: 0, y: 0, z: 0}
--- !u!4 &126567178 stripped
Transform:
  m_CorrespondingSourceObject: {fileID: 7323999285063235461, guid: d6b4bf56291585d418a22fea1d0b61d8,
    type: 3}
  m_PrefabInstance: {fileID: 1607769433}
  m_PrefabAsset: {fileID: 0}
--- !u!1 &159769089
GameObject:
  m_ObjectHideFlags: 0
  m_CorrespondingSourceObject: {fileID: 0}
  m_PrefabInstance: {fileID: 0}
  m_PrefabAsset: {fileID: 0}
  serializedVersion: 6
  m_Component:
  - component: {fileID: 159769094}
  - component: {fileID: 159769093}
  - component: {fileID: 159769092}
  - component: {fileID: 159769091}
  - component: {fileID: 159769090}
  m_Layer: 0
  m_Name: Cube (1)
  m_TagString: ground
  m_Icon: {fileID: 0}
  m_NavMeshLayer: 0
  m_StaticEditorFlags: 4294967295
  m_IsActive: 1
--- !u!54 &159769090
Rigidbody:
  m_ObjectHideFlags: 0
  m_CorrespondingSourceObject: {fileID: 0}
  m_PrefabInstance: {fileID: 0}
  m_PrefabAsset: {fileID: 0}
  m_GameObject: {fileID: 159769089}
  serializedVersion: 2
  m_Mass: 1
  m_Drag: 0
  m_AngularDrag: 0.05
  m_UseGravity: 0
  m_IsKinematic: 1
  m_Interpolate: 0
  m_Constraints: 0
  m_CollisionDetection: 0
--- !u!65 &159769091
BoxCollider:
  m_ObjectHideFlags: 0
  m_CorrespondingSourceObject: {fileID: 0}
  m_PrefabInstance: {fileID: 0}
  m_PrefabAsset: {fileID: 0}
  m_GameObject: {fileID: 159769089}
  m_Material: {fileID: 0}
  m_IsTrigger: 0
  m_Enabled: 1
  serializedVersion: 2
  m_Size: {x: 1, y: 1, z: 1}
  m_Center: {x: 0, y: 0, z: 0}
--- !u!23 &159769092
MeshRenderer:
  m_ObjectHideFlags: 0
  m_CorrespondingSourceObject: {fileID: 0}
  m_PrefabInstance: {fileID: 0}
  m_PrefabAsset: {fileID: 0}
  m_GameObject: {fileID: 159769089}
  m_Enabled: 1
  m_CastShadows: 1
  m_ReceiveShadows: 1
  m_DynamicOccludee: 1
  m_MotionVectors: 1
  m_LightProbeUsage: 1
  m_ReflectionProbeUsage: 1
  m_RayTracingMode: 2
  m_RenderingLayerMask: 1
  m_RendererPriority: 0
  m_Materials:
  - {fileID: 2100000, guid: 0c5433696c3b87a44b86e4cda97449fa, type: 2}
  m_StaticBatchInfo:
    firstSubMesh: 0
    subMeshCount: 0
  m_StaticBatchRoot: {fileID: 0}
  m_ProbeAnchor: {fileID: 0}
  m_LightProbeVolumeOverride: {fileID: 0}
  m_ScaleInLightmap: 1
  m_ReceiveGI: 1
  m_PreserveUVs: 0
  m_IgnoreNormalsForChartDetection: 0
  m_ImportantGI: 0
  m_StitchLightmapSeams: 1
  m_SelectedEditorRenderState: 3
  m_MinimumChartSize: 4
  m_AutoUVMaxDistance: 0.5
  m_AutoUVMaxAngle: 89
  m_LightmapParameters: {fileID: 0}
  m_SortingLayerID: 0
  m_SortingLayer: 0
  m_SortingOrder: 0
--- !u!33 &159769093
MeshFilter:
  m_ObjectHideFlags: 0
  m_CorrespondingSourceObject: {fileID: 0}
  m_PrefabInstance: {fileID: 0}
  m_PrefabAsset: {fileID: 0}
  m_GameObject: {fileID: 159769089}
  m_Mesh: {fileID: 10202, guid: 0000000000000000e000000000000000, type: 0}
--- !u!4 &159769094
Transform:
  m_ObjectHideFlags: 0
  m_CorrespondingSourceObject: {fileID: 0}
  m_PrefabInstance: {fileID: 0}
  m_PrefabAsset: {fileID: 0}
  m_GameObject: {fileID: 159769089}
  m_LocalRotation: {x: 0, y: 0, z: 0, w: 1}
  m_LocalPosition: {x: 0, y: -6.1, z: 100.8}
  m_LocalScale: {x: 491.38998, y: 1, z: 430.61}
  m_Children: []
  m_Father: {fileID: 0}
  m_RootOrder: 11
  m_LocalEulerAnglesHint: {x: 0, y: 0, z: 0}
--- !u!114 &165443083 stripped
MonoBehaviour:
  m_CorrespondingSourceObject: {fileID: 6988285766319911646, guid: d6b4bf56291585d418a22fea1d0b61d8,
    type: 3}
  m_PrefabInstance: {fileID: 1607769433}
  m_PrefabAsset: {fileID: 0}
  m_GameObject: {fileID: 0}
  m_Enabled: 1
  m_EditorHideFlags: 0
  m_Script: {fileID: 11500000, guid: a6b1a2ccc7821854da3bd60401403aca, type: 3}
  m_Name: 
  m_EditorClassIdentifier: 
--- !u!1001 &195255760
PrefabInstance:
  m_ObjectHideFlags: 0
  serializedVersion: 2
  m_Modification:
    m_TransformParent: {fileID: 0}
    m_Modifications:
    - target: {fileID: 940922402361049756, guid: 176af59d89dd53b44b6ae88b72173f84,
        type: 3}
      propertyPath: numberScrapMin
      value: 20
      objectReference: {fileID: 0}
    - target: {fileID: 940922402361049756, guid: 176af59d89dd53b44b6ae88b72173f84,
        type: 3}
      propertyPath: numberScrapMax
      value: 40
      objectReference: {fileID: 0}
    - target: {fileID: 5309796696532550837, guid: 176af59d89dd53b44b6ae88b72173f84,
        type: 3}
      propertyPath: m_LocalPosition.x
      value: 0
      objectReference: {fileID: 0}
    - target: {fileID: 5309796696532550837, guid: 176af59d89dd53b44b6ae88b72173f84,
        type: 3}
      propertyPath: m_LocalPosition.y
      value: 1
      objectReference: {fileID: 0}
    - target: {fileID: 5309796696532550837, guid: 176af59d89dd53b44b6ae88b72173f84,
        type: 3}
      propertyPath: m_LocalPosition.z
      value: -53.027
      objectReference: {fileID: 0}
    - target: {fileID: 5309796696532550837, guid: 176af59d89dd53b44b6ae88b72173f84,
        type: 3}
      propertyPath: m_LocalRotation.x
      value: 0
      objectReference: {fileID: 0}
    - target: {fileID: 5309796696532550837, guid: 176af59d89dd53b44b6ae88b72173f84,
        type: 3}
      propertyPath: m_LocalRotation.y
      value: 0
      objectReference: {fileID: 0}
    - target: {fileID: 5309796696532550837, guid: 176af59d89dd53b44b6ae88b72173f84,
        type: 3}
      propertyPath: m_LocalRotation.z
      value: 0
      objectReference: {fileID: 0}
    - target: {fileID: 5309796696532550837, guid: 176af59d89dd53b44b6ae88b72173f84,
        type: 3}
      propertyPath: m_LocalRotation.w
      value: 1
      objectReference: {fileID: 0}
    - target: {fileID: 5309796696532550837, guid: 176af59d89dd53b44b6ae88b72173f84,
        type: 3}
      propertyPath: m_RootOrder
      value: 7
      objectReference: {fileID: 0}
    - target: {fileID: 5309796696532550837, guid: 176af59d89dd53b44b6ae88b72173f84,
        type: 3}
      propertyPath: m_LocalEulerAnglesHint.x
      value: 0
      objectReference: {fileID: 0}
    - target: {fileID: 5309796696532550837, guid: 176af59d89dd53b44b6ae88b72173f84,
        type: 3}
      propertyPath: m_LocalEulerAnglesHint.y
      value: 0
      objectReference: {fileID: 0}
    - target: {fileID: 5309796696532550837, guid: 176af59d89dd53b44b6ae88b72173f84,
        type: 3}
      propertyPath: m_LocalEulerAnglesHint.z
      value: 0
      objectReference: {fileID: 0}
    - target: {fileID: 5309796696532550846, guid: 176af59d89dd53b44b6ae88b72173f84,
        type: 3}
      propertyPath: m_Name
      value: Sadique
      objectReference: {fileID: 0}
    - target: {fileID: 5309796696532550847, guid: 176af59d89dd53b44b6ae88b72173f84,
        type: 3}
      propertyPath: target
      value: 
      objectReference: {fileID: 1756019067}
    m_RemovedComponents: []
  m_SourcePrefab: {fileID: 100100000, guid: 176af59d89dd53b44b6ae88b72173f84, type: 3}
--- !u!1 &244716762
GameObject:
  m_ObjectHideFlags: 0
  m_CorrespondingSourceObject: {fileID: 0}
  m_PrefabInstance: {fileID: 0}
  m_PrefabAsset: {fileID: 0}
  serializedVersion: 6
  m_Component:
  - component: {fileID: 244716767}
  - component: {fileID: 244716766}
  - component: {fileID: 244716765}
  - component: {fileID: 244716764}
  - component: {fileID: 244716763}
  m_Layer: 0
  m_Name: Cube
  m_TagString: ground
  m_Icon: {fileID: 0}
  m_NavMeshLayer: 0
  m_StaticEditorFlags: 4294967295
  m_IsActive: 1
--- !u!54 &244716763
Rigidbody:
  m_ObjectHideFlags: 0
  m_CorrespondingSourceObject: {fileID: 0}
  m_PrefabInstance: {fileID: 0}
  m_PrefabAsset: {fileID: 0}
  m_GameObject: {fileID: 244716762}
  serializedVersion: 2
  m_Mass: 1
  m_Drag: 0
  m_AngularDrag: 0.05
  m_UseGravity: 0
  m_IsKinematic: 1
  m_Interpolate: 0
  m_Constraints: 0
  m_CollisionDetection: 0
--- !u!65 &244716764
BoxCollider:
  m_ObjectHideFlags: 0
  m_CorrespondingSourceObject: {fileID: 0}
  m_PrefabInstance: {fileID: 0}
  m_PrefabAsset: {fileID: 0}
  m_GameObject: {fileID: 244716762}
  m_Material: {fileID: 0}
  m_IsTrigger: 0
  m_Enabled: 1
  serializedVersion: 2
  m_Size: {x: 1, y: 1, z: 1}
  m_Center: {x: 0, y: 0, z: 0}
--- !u!23 &244716765
MeshRenderer:
  m_ObjectHideFlags: 0
  m_CorrespondingSourceObject: {fileID: 0}
  m_PrefabInstance: {fileID: 0}
  m_PrefabAsset: {fileID: 0}
  m_GameObject: {fileID: 244716762}
  m_Enabled: 1
  m_CastShadows: 1
  m_ReceiveShadows: 1
  m_DynamicOccludee: 1
  m_MotionVectors: 1
  m_LightProbeUsage: 1
  m_ReflectionProbeUsage: 1
  m_RayTracingMode: 2
  m_RenderingLayerMask: 1
  m_RendererPriority: 0
  m_Materials:
  - {fileID: 2100000, guid: 0c5433696c3b87a44b86e4cda97449fa, type: 2}
  m_StaticBatchInfo:
    firstSubMesh: 0
    subMeshCount: 0
  m_StaticBatchRoot: {fileID: 0}
  m_ProbeAnchor: {fileID: 0}
  m_LightProbeVolumeOverride: {fileID: 0}
  m_ScaleInLightmap: 1
  m_ReceiveGI: 1
  m_PreserveUVs: 0
  m_IgnoreNormalsForChartDetection: 0
  m_ImportantGI: 0
  m_StitchLightmapSeams: 1
  m_SelectedEditorRenderState: 3
  m_MinimumChartSize: 4
  m_AutoUVMaxDistance: 0.5
  m_AutoUVMaxAngle: 89
  m_LightmapParameters: {fileID: 0}
  m_SortingLayerID: 0
  m_SortingLayer: 0
  m_SortingOrder: 0
--- !u!33 &244716766
MeshFilter:
  m_ObjectHideFlags: 0
  m_CorrespondingSourceObject: {fileID: 0}
  m_PrefabInstance: {fileID: 0}
  m_PrefabAsset: {fileID: 0}
  m_GameObject: {fileID: 244716762}
  m_Mesh: {fileID: 10202, guid: 0000000000000000e000000000000000, type: 0}
--- !u!4 &244716767
Transform:
  m_ObjectHideFlags: 0
  m_CorrespondingSourceObject: {fileID: 0}
  m_PrefabInstance: {fileID: 0}
  m_PrefabAsset: {fileID: 0}
  m_GameObject: {fileID: 244716762}
  m_LocalRotation: {x: 0, y: 0, z: 0, w: 1}
  m_LocalPosition: {x: 0, y: -0.5, z: 0}
  m_LocalScale: {x: 50, y: 1, z: 100}
  m_Children: []
  m_Father: {fileID: 0}
  m_RootOrder: 9
  m_LocalEulerAnglesHint: {x: 0, y: 0, z: 0}
--- !u!1 &328115973
GameObject:
  m_ObjectHideFlags: 0
  m_CorrespondingSourceObject: {fileID: 0}
  m_PrefabInstance: {fileID: 0}
  m_PrefabAsset: {fileID: 0}
  serializedVersion: 6
  m_Component:
  - component: {fileID: 328115975}
  - component: {fileID: 328115974}
  - component: {fileID: 328115976}
  m_Layer: 0
  m_Name: GameManager
  m_TagString: Untagged
  m_Icon: {fileID: 0}
  m_NavMeshLayer: 0
  m_StaticEditorFlags: 0
  m_IsActive: 1
--- !u!114 &328115974
MonoBehaviour:
  m_ObjectHideFlags: 0
  m_CorrespondingSourceObject: {fileID: 0}
  m_PrefabInstance: {fileID: 0}
  m_PrefabAsset: {fileID: 0}
  m_GameObject: {fileID: 328115973}
  m_Enabled: 1
  m_EditorHideFlags: 0
  m_Script: {fileID: 11500000, guid: f5798c0121cdd58419630cbf8cee04f7, type: 3}
  m_Name: 
  m_EditorClassIdentifier: 
--- !u!4 &328115975
Transform:
  m_ObjectHideFlags: 0
  m_CorrespondingSourceObject: {fileID: 0}
  m_PrefabInstance: {fileID: 0}
  m_PrefabAsset: {fileID: 0}
  m_GameObject: {fileID: 328115973}
  m_LocalRotation: {x: 0, y: 0, z: 0, w: 1}
  m_LocalPosition: {x: 8.992285, y: 11.115199, z: -12.879858}
  m_LocalScale: {x: 1, y: 1, z: 1}
  m_Children: []
  m_Father: {fileID: 0}
  m_RootOrder: 16
  m_LocalEulerAnglesHint: {x: 0, y: 0, z: 0}
--- !u!114 &328115976
MonoBehaviour:
  m_ObjectHideFlags: 0
  m_CorrespondingSourceObject: {fileID: 0}
  m_PrefabInstance: {fileID: 0}
  m_PrefabAsset: {fileID: 0}
  m_GameObject: {fileID: 328115973}
  m_Enabled: 1
  m_EditorHideFlags: 0
  m_Script: {fileID: 11500000, guid: 78c6ff04206f04743be4cfc0625bf100, type: 3}
  m_Name: 
  m_EditorClassIdentifier: 
  timeScale: 1
--- !u!20 &533555755 stripped
Camera:
  m_CorrespondingSourceObject: {fileID: 950863407891664358, guid: 2cf247611b660a94297237d00f29bb99,
    type: 3}
  m_PrefabInstance: {fileID: 672490094}
  m_PrefabAsset: {fileID: 0}
--- !u!1 &573208712
GameObject:
  m_ObjectHideFlags: 0
  m_CorrespondingSourceObject: {fileID: 0}
  m_PrefabInstance: {fileID: 0}
  m_PrefabAsset: {fileID: 0}
  serializedVersion: 6
  m_Component:
  - component: {fileID: 573208714}
  - component: {fileID: 573208713}
  m_Layer: 0
  m_Name: Directional Light (1)
  m_TagString: Untagged
  m_Icon: {fileID: 0}
  m_NavMeshLayer: 0
  m_StaticEditorFlags: 0
  m_IsActive: 1
--- !u!108 &573208713
Light:
  m_ObjectHideFlags: 0
  m_CorrespondingSourceObject: {fileID: 0}
  m_PrefabInstance: {fileID: 0}
  m_PrefabAsset: {fileID: 0}
  m_GameObject: {fileID: 573208712}
  m_Enabled: 1
  serializedVersion: 10
  m_Type: 1
  m_Shape: 0
  m_Color: {r: 1, g: 0.95686275, b: 0.8392157, a: 1}
  m_Intensity: 1
  m_Range: 10
  m_SpotAngle: 30
  m_InnerSpotAngle: 21.80208
  m_CookieSize: 10
  m_Shadows:
    m_Type: 2
    m_Resolution: -1
    m_CustomResolution: -1
    m_Strength: 1
    m_Bias: 1
    m_NormalBias: 0
    m_NearPlane: 0.2
    m_CullingMatrixOverride:
      e00: 1
      e01: 0
      e02: 0
      e03: 0
      e10: 0
      e11: 1
      e12: 0
      e13: 0
      e20: 0
      e21: 0
      e22: 1
      e23: 0
      e30: 0
      e31: 0
      e32: 0
      e33: 1
    m_UseCullingMatrixOverride: 0
  m_Cookie: {fileID: 0}
  m_DrawHalo: 0
  m_Flare: {fileID: 0}
  m_RenderMode: 1
  m_CullingMask:
    serializedVersion: 2
    m_Bits: 4294967295
  m_RenderingLayerMask: 1
  m_Lightmapping: 4
  m_LightShadowCasterMode: 0
  m_AreaSize: {x: 1, y: 1}
  m_BounceIntensity: 1
  m_ColorTemperature: 6570
  m_UseColorTemperature: 0
  m_BoundingSphereOverride: {x: 0, y: 0, z: 0, w: 0}
  m_UseBoundingSphereOverride: 0
  m_ShadowRadius: 0
  m_ShadowAngle: 0
--- !u!4 &573208714
Transform:
  m_ObjectHideFlags: 0
  m_CorrespondingSourceObject: {fileID: 0}
  m_PrefabInstance: {fileID: 0}
  m_PrefabAsset: {fileID: 0}
  m_GameObject: {fileID: 573208712}
  m_LocalRotation: {x: 0.40821788, y: -0.23456968, z: 0.10938163, w: 0.8754261}
  m_LocalPosition: {x: 0, y: 12.72, z: 0}
  m_LocalScale: {x: 1, y: 1, z: 1}
  m_Children: []
  m_Father: {fileID: 0}
  m_RootOrder: 8
  m_LocalEulerAnglesHint: {x: 50, y: -30, z: 0}
--- !u!1 &578927056
GameObject:
  m_ObjectHideFlags: 0
  m_CorrespondingSourceObject: {fileID: 0}
  m_PrefabInstance: {fileID: 0}
  m_PrefabAsset: {fileID: 0}
  serializedVersion: 6
  m_Component:
  - component: {fileID: 578927057}
  - component: {fileID: 578927059}
  - component: {fileID: 578927058}
  m_Layer: 0
  m_Name: Path (2)
  m_TagString: Untagged
  m_Icon: {fileID: 0}
  m_NavMeshLayer: 0
  m_StaticEditorFlags: 0
  m_IsActive: 1
--- !u!4 &578927057
Transform:
  m_ObjectHideFlags: 0
  m_CorrespondingSourceObject: {fileID: 0}
  m_PrefabInstance: {fileID: 0}
  m_PrefabAsset: {fileID: 0}
  m_GameObject: {fileID: 578927056}
  m_LocalRotation: {x: -0, y: -0, z: -0, w: 1}
  m_LocalPosition: {x: -8.6, y: 18.248575, z: -6.71}
  m_LocalScale: {x: 1, y: 1, z: 1}
  m_Children: []
  m_Father: {fileID: 1130493077}
  m_RootOrder: 2
  m_LocalEulerAnglesHint: {x: 0, y: 0, z: 0}
--- !u!65 &578927058
BoxCollider:
  m_ObjectHideFlags: 0
  m_CorrespondingSourceObject: {fileID: 0}
  m_PrefabInstance: {fileID: 0}
  m_PrefabAsset: {fileID: 0}
  m_GameObject: {fileID: 578927056}
  m_Material: {fileID: 0}
  m_IsTrigger: 1
  m_Enabled: 1
  serializedVersion: 2
  m_Size: {x: 1, y: 1, z: 1}
  m_Center: {x: 0, y: 0, z: 0}
--- !u!114 &578927059
MonoBehaviour:
  m_ObjectHideFlags: 0
  m_CorrespondingSourceObject: {fileID: 0}
  m_PrefabInstance: {fileID: 0}
  m_PrefabAsset: {fileID: 0}
  m_GameObject: {fileID: 578927056}
  m_Enabled: 1
  m_EditorHideFlags: 0
  m_Script: {fileID: 11500000, guid: 4547d8ed081a2464380ecfe41d902619, type: 3}
  m_Name: 
  m_EditorClassIdentifier: 
  nextPath: {fileID: 1756019067}
--- !u!1 &626972367 stripped
GameObject:
  m_CorrespondingSourceObject: {fileID: 5935928288023451524, guid: 92ad3f4a1fc3d4b46a2ca282f1e143a5,
    type: 3}
  m_PrefabInstance: {fileID: 822598567}
  m_PrefabAsset: {fileID: 0}
--- !u!114 &626972368
MonoBehaviour:
  m_ObjectHideFlags: 0
  m_CorrespondingSourceObject: {fileID: 0}
  m_PrefabInstance: {fileID: 0}
  m_PrefabAsset: {fileID: 0}
  m_GameObject: {fileID: 626972367}
  m_Enabled: 1
  m_EditorHideFlags: 0
  m_Script: {fileID: 11500000, guid: a1945fc428aa6774ba00669a74f8ed42, type: 3}
  m_Name: 
  m_EditorClassIdentifier: 
  scrap: {fileID: 7627369098227561992, guid: 55b518691b5daf249aa5543a9c4e95c8, type: 3}
  numberScrapMin: 15
  numberScrapMax: 30
--- !u!4 &647321563 stripped
Transform:
  m_CorrespondingSourceObject: {fileID: 5827142470303017791, guid: 2cf247611b660a94297237d00f29bb99,
    type: 3}
  m_PrefabInstance: {fileID: 672490094}
  m_PrefabAsset: {fileID: 0}
--- !u!1001 &672490094
PrefabInstance:
  m_ObjectHideFlags: 0
  serializedVersion: 2
  m_Modification:
    m_TransformParent: {fileID: 0}
    m_Modifications:
    - target: {fileID: 950863406764567947, guid: 2cf247611b660a94297237d00f29bb99,
        type: 3}
      propertyPath: m_Name
      value: CameraBase
      objectReference: {fileID: 0}
    - target: {fileID: 950863406764567948, guid: 2cf247611b660a94297237d00f29bb99,
        type: 3}
      propertyPath: cameraFollowObj
      value: 
      objectReference: {fileID: 2011968695}
    - target: {fileID: 950863406764567949, guid: 2cf247611b660a94297237d00f29bb99,
        type: 3}
      propertyPath: m_LocalPosition.x
      value: -5.699997
      objectReference: {fileID: 0}
    - target: {fileID: 950863406764567949, guid: 2cf247611b660a94297237d00f29bb99,
        type: 3}
      propertyPath: m_LocalPosition.y
      value: 2.73
      objectReference: {fileID: 0}
    - target: {fileID: 950863406764567949, guid: 2cf247611b660a94297237d00f29bb99,
        type: 3}
      propertyPath: m_LocalPosition.z
      value: 24.899994
      objectReference: {fileID: 0}
    - target: {fileID: 950863406764567949, guid: 2cf247611b660a94297237d00f29bb99,
        type: 3}
      propertyPath: m_LocalRotation.x
      value: 0
      objectReference: {fileID: 0}
    - target: {fileID: 950863406764567949, guid: 2cf247611b660a94297237d00f29bb99,
        type: 3}
      propertyPath: m_LocalRotation.y
      value: 0
      objectReference: {fileID: 0}
    - target: {fileID: 950863406764567949, guid: 2cf247611b660a94297237d00f29bb99,
        type: 3}
      propertyPath: m_LocalRotation.z
      value: 0
      objectReference: {fileID: 0}
    - target: {fileID: 950863406764567949, guid: 2cf247611b660a94297237d00f29bb99,
        type: 3}
      propertyPath: m_LocalRotation.w
      value: 1
      objectReference: {fileID: 0}
    - target: {fileID: 950863406764567949, guid: 2cf247611b660a94297237d00f29bb99,
        type: 3}
      propertyPath: m_RootOrder
      value: 12
      objectReference: {fileID: 0}
    - target: {fileID: 950863406764567949, guid: 2cf247611b660a94297237d00f29bb99,
        type: 3}
      propertyPath: m_LocalEulerAnglesHint.x
      value: 0
      objectReference: {fileID: 0}
    - target: {fileID: 950863406764567949, guid: 2cf247611b660a94297237d00f29bb99,
        type: 3}
      propertyPath: m_LocalEulerAnglesHint.y
      value: 0
      objectReference: {fileID: 0}
    - target: {fileID: 950863406764567949, guid: 2cf247611b660a94297237d00f29bb99,
        type: 3}
      propertyPath: m_LocalEulerAnglesHint.z
      value: 0
      objectReference: {fileID: 0}
    - target: {fileID: 3594406599003316099, guid: 2cf247611b660a94297237d00f29bb99,
        type: 3}
      propertyPath: obstruction
      value: 
      objectReference: {fileID: 126567178}
    - target: {fileID: 3594406599003316099, guid: 2cf247611b660a94297237d00f29bb99,
        type: 3}
      propertyPath: rend
      value: 
      objectReference: {fileID: 1545258416}
    - target: {fileID: 3594406599003316099, guid: 2cf247611b660a94297237d00f29bb99,
        type: 3}
      propertyPath: wall.m_Bits
      value: 1024
      objectReference: {fileID: 0}
    m_RemovedComponents: []
  m_SourcePrefab: {fileID: 100100000, guid: 2cf247611b660a94297237d00f29bb99, type: 3}
--- !u!1 &705507993
GameObject:
  m_ObjectHideFlags: 0
  m_CorrespondingSourceObject: {fileID: 0}
  m_PrefabInstance: {fileID: 0}
  m_PrefabAsset: {fileID: 0}
  serializedVersion: 6
  m_Component:
  - component: {fileID: 705507995}
  - component: {fileID: 705507994}
  m_Layer: 0
  m_Name: Directional Light
  m_TagString: Untagged
  m_Icon: {fileID: 0}
  m_NavMeshLayer: 0
  m_StaticEditorFlags: 0
  m_IsActive: 1
--- !u!108 &705507994
Light:
  m_ObjectHideFlags: 0
  m_CorrespondingSourceObject: {fileID: 0}
  m_PrefabInstance: {fileID: 0}
  m_PrefabAsset: {fileID: 0}
  m_GameObject: {fileID: 705507993}
  m_Enabled: 1
  serializedVersion: 10
  m_Type: 1
  m_Shape: 0
  m_Color: {r: 1, g: 0.95686275, b: 0.8392157, a: 1}
  m_Intensity: 1
  m_Range: 10
  m_SpotAngle: 30
  m_InnerSpotAngle: 21.80208
  m_CookieSize: 10
  m_Shadows:
    m_Type: 2
    m_Resolution: -1
    m_CustomResolution: -1
    m_Strength: 1
    m_Bias: 0.05
    m_NormalBias: 0.4
    m_NearPlane: 0.2
    m_CullingMatrixOverride:
      e00: 1
      e01: 0
      e02: 0
      e03: 0
      e10: 0
      e11: 1
      e12: 0
      e13: 0
      e20: 0
      e21: 0
      e22: 1
      e23: 0
      e30: 0
      e31: 0
      e32: 0
      e33: 1
    m_UseCullingMatrixOverride: 0
  m_Cookie: {fileID: 0}
  m_DrawHalo: 0
  m_Flare: {fileID: 0}
  m_RenderMode: 0
  m_CullingMask:
    serializedVersion: 2
    m_Bits: 4294967295
  m_RenderingLayerMask: 1
  m_Lightmapping: 1
  m_LightShadowCasterMode: 0
  m_AreaSize: {x: 1, y: 1}
  m_BounceIntensity: 1
  m_ColorTemperature: 6570
  m_UseColorTemperature: 0
  m_BoundingSphereOverride: {x: 0, y: 0, z: 0, w: 0}
  m_UseBoundingSphereOverride: 0
  m_ShadowRadius: 0
  m_ShadowAngle: 0
--- !u!4 &705507995
Transform:
  m_ObjectHideFlags: 0
  m_CorrespondingSourceObject: {fileID: 0}
  m_PrefabInstance: {fileID: 0}
  m_PrefabAsset: {fileID: 0}
  m_GameObject: {fileID: 705507993}
  m_LocalRotation: {x: 0.40821788, y: -0.23456968, z: 0.10938163, w: 0.8754261}
  m_LocalPosition: {x: 0, y: 3, z: 0}
  m_LocalScale: {x: 1, y: 1, z: 1}
  m_Children: []
  m_Father: {fileID: 0}
  m_RootOrder: 13
  m_LocalEulerAnglesHint: {x: 50, y: -30, z: 0}
--- !u!1 &727197150 stripped
GameObject:
  m_CorrespondingSourceObject: {fileID: 8605841378589165217, guid: 2c117888d59130642a21f782fecef88c,
    type: 3}
  m_PrefabInstance: {fileID: 8084181970082630449}
  m_PrefabAsset: {fileID: 0}
--- !u!1001 &822598567
PrefabInstance:
  m_ObjectHideFlags: 0
  serializedVersion: 2
  m_Modification:
    m_TransformParent: {fileID: 0}
    m_Modifications:
    - target: {fileID: 5935928288023451521, guid: 92ad3f4a1fc3d4b46a2ca282f1e143a5,
        type: 3}
      propertyPath: m_LocalPosition.x
      value: 15.7
      objectReference: {fileID: 0}
    - target: {fileID: 5935928288023451521, guid: 92ad3f4a1fc3d4b46a2ca282f1e143a5,
        type: 3}
      propertyPath: m_LocalPosition.y
      value: 1
      objectReference: {fileID: 0}
    - target: {fileID: 5935928288023451521, guid: 92ad3f4a1fc3d4b46a2ca282f1e143a5,
        type: 3}
      propertyPath: m_LocalPosition.z
      value: -52.174
      objectReference: {fileID: 0}
    - target: {fileID: 5935928288023451521, guid: 92ad3f4a1fc3d4b46a2ca282f1e143a5,
        type: 3}
      propertyPath: m_LocalRotation.x
      value: 0
      objectReference: {fileID: 0}
    - target: {fileID: 5935928288023451521, guid: 92ad3f4a1fc3d4b46a2ca282f1e143a5,
        type: 3}
      propertyPath: m_LocalRotation.y
      value: 0
      objectReference: {fileID: 0}
    - target: {fileID: 5935928288023451521, guid: 92ad3f4a1fc3d4b46a2ca282f1e143a5,
        type: 3}
      propertyPath: m_LocalRotation.z
      value: 0
      objectReference: {fileID: 0}
    - target: {fileID: 5935928288023451521, guid: 92ad3f4a1fc3d4b46a2ca282f1e143a5,
        type: 3}
      propertyPath: m_LocalRotation.w
      value: 1
      objectReference: {fileID: 0}
    - target: {fileID: 5935928288023451521, guid: 92ad3f4a1fc3d4b46a2ca282f1e143a5,
        type: 3}
      propertyPath: m_RootOrder
      value: 10
      objectReference: {fileID: 0}
    - target: {fileID: 5935928288023451521, guid: 92ad3f4a1fc3d4b46a2ca282f1e143a5,
        type: 3}
      propertyPath: m_LocalEulerAnglesHint.x
      value: 0
      objectReference: {fileID: 0}
    - target: {fileID: 5935928288023451521, guid: 92ad3f4a1fc3d4b46a2ca282f1e143a5,
        type: 3}
      propertyPath: m_LocalEulerAnglesHint.y
      value: 0
      objectReference: {fileID: 0}
    - target: {fileID: 5935928288023451521, guid: 92ad3f4a1fc3d4b46a2ca282f1e143a5,
        type: 3}
      propertyPath: m_LocalEulerAnglesHint.z
      value: 0
      objectReference: {fileID: 0}
    - target: {fileID: 5935928288023451522, guid: 92ad3f4a1fc3d4b46a2ca282f1e143a5,
        type: 3}
      propertyPath: target
      value: 
      objectReference: {fileID: 1464384149}
    - target: {fileID: 5935928288023451524, guid: 92ad3f4a1fc3d4b46a2ca282f1e143a5,
        type: 3}
      propertyPath: m_Name
      value: Soldier
      objectReference: {fileID: 0}
    - target: {fileID: 5935928288023451526, guid: 92ad3f4a1fc3d4b46a2ca282f1e143a5,
        type: 3}
      propertyPath: m_IsTrigger
      value: 0
      objectReference: {fileID: 0}
    - target: {fileID: 5935928288023451527, guid: 92ad3f4a1fc3d4b46a2ca282f1e143a5,
        type: 3}
      propertyPath: m_Materials.Array.data[0]
      value: 
      objectReference: {fileID: 2100000, guid: ecd8c12ee7ff5c844ac9b37c82af89d4, type: 2}
    m_RemovedComponents: []
  m_SourcePrefab: {fileID: 100100000, guid: 92ad3f4a1fc3d4b46a2ca282f1e143a5, type: 3}
--- !u!114 &937567284 stripped
MonoBehaviour:
  m_CorrespondingSourceObject: {fileID: 950863406764567948, guid: 2cf247611b660a94297237d00f29bb99,
    type: 3}
  m_PrefabInstance: {fileID: 672490094}
  m_PrefabAsset: {fileID: 0}
  m_GameObject: {fileID: 0}
  m_Enabled: 1
  m_EditorHideFlags: 0
  m_Script: {fileID: 11500000, guid: 75482b9a9421cb442841a51143f058cb, type: 3}
  m_Name: 
  m_EditorClassIdentifier: 
--- !u!1 &1130493076
GameObject:
  m_ObjectHideFlags: 0
  m_CorrespondingSourceObject: {fileID: 0}
  m_PrefabInstance: {fileID: 0}
  m_PrefabAsset: {fileID: 0}
  serializedVersion: 6
  m_Component:
  - component: {fileID: 1130493077}
  m_Layer: 0
  m_Name: Path Sadique
  m_TagString: Untagged
  m_Icon: {fileID: 0}
  m_NavMeshLayer: 0
  m_StaticEditorFlags: 0
  m_IsActive: 1
--- !u!4 &1130493077
Transform:
  m_ObjectHideFlags: 0
  m_CorrespondingSourceObject: {fileID: 0}
  m_PrefabInstance: {fileID: 0}
  m_PrefabAsset: {fileID: 0}
  m_GameObject: {fileID: 1130493076}
  m_LocalRotation: {x: 0, y: 0, z: 0, w: 1}
  m_LocalPosition: {x: -12.134229, y: -18.248575, z: -26.39}
  m_LocalScale: {x: 1, y: 1, z: 1}
  m_Children:
  - {fileID: 1756019067}
  - {fileID: 1921467188}
  - {fileID: 578927057}
  m_Father: {fileID: 0}
  m_RootOrder: 4
  m_LocalEulerAnglesHint: {x: 0, y: 0, z: 0}
--- !u!1 &1307778431 stripped
GameObject:
  m_CorrespondingSourceObject: {fileID: 8084181971377821262, guid: 2c117888d59130642a21f782fecef88c,
    type: 3}
  m_PrefabInstance: {fileID: 8084181970082630449}
  m_PrefabAsset: {fileID: 0}
--- !u!1 &1403955930
GameObject:
  m_ObjectHideFlags: 0
  m_CorrespondingSourceObject: {fileID: 0}
  m_PrefabInstance: {fileID: 0}
  m_PrefabAsset: {fileID: 0}
  serializedVersion: 6
  m_Component:
  - component: {fileID: 1403955933}
  - component: {fileID: 1403955932}
  - component: {fileID: 1403955931}
  m_Layer: 0
  m_Name: EventSystem
  m_TagString: Untagged
  m_Icon: {fileID: 0}
  m_NavMeshLayer: 0
  m_StaticEditorFlags: 0
  m_IsActive: 1
--- !u!114 &1403955931
MonoBehaviour:
  m_ObjectHideFlags: 0
  m_CorrespondingSourceObject: {fileID: 0}
  m_PrefabInstance: {fileID: 0}
  m_PrefabAsset: {fileID: 0}
  m_GameObject: {fileID: 1403955930}
  m_Enabled: 1
  m_EditorHideFlags: 0
  m_Script: {fileID: 11500000, guid: 4f231c4fb786f3946a6b90b886c48677, type: 3}
  m_Name: 
  m_EditorClassIdentifier: 
  m_HorizontalAxis: Horizontal
  m_VerticalAxis: Vertical
  m_SubmitButton: Submit
  m_CancelButton: Cancel
  m_InputActionsPerSecond: 10
  m_RepeatDelay: 0.5
  m_ForceModuleActive: 0
--- !u!114 &1403955932
MonoBehaviour:
  m_ObjectHideFlags: 0
  m_CorrespondingSourceObject: {fileID: 0}
  m_PrefabInstance: {fileID: 0}
  m_PrefabAsset: {fileID: 0}
  m_GameObject: {fileID: 1403955930}
  m_Enabled: 1
  m_EditorHideFlags: 0
  m_Script: {fileID: 11500000, guid: 76c392e42b5098c458856cdf6ecaaaa1, type: 3}
  m_Name: 
  m_EditorClassIdentifier: 
  m_FirstSelected: {fileID: 0}
  m_sendNavigationEvents: 1
  m_DragThreshold: 10
--- !u!4 &1403955933
Transform:
  m_ObjectHideFlags: 0
  m_CorrespondingSourceObject: {fileID: 0}
  m_PrefabInstance: {fileID: 0}
  m_PrefabAsset: {fileID: 0}
  m_GameObject: {fileID: 1403955930}
  m_LocalRotation: {x: 0, y: 0, z: 0, w: 1}
  m_LocalPosition: {x: 0, y: 0, z: 0}
  m_LocalScale: {x: 1, y: 1, z: 1}
  m_Children: []
  m_Father: {fileID: 0}
  m_RootOrder: 15
  m_LocalEulerAnglesHint: {x: 0, y: 0, z: 0}
--- !u!1001 &1444100524
PrefabInstance:
  m_ObjectHideFlags: 0
  serializedVersion: 2
  m_Modification:
    m_TransformParent: {fileID: 0}
    m_Modifications:
    - target: {fileID: 875834696421351669, guid: 258e3608a5d7c7144927192b2462d1b2,
        type: 3}
      propertyPath: m_textInfo.characterCount
      value: 0
      objectReference: {fileID: 0}
    - target: {fileID: 875834696421351669, guid: 258e3608a5d7c7144927192b2462d1b2,
        type: 3}
      propertyPath: m_textInfo.wordCount
      value: 0
      objectReference: {fileID: 0}
    - target: {fileID: 875834696421351669, guid: 258e3608a5d7c7144927192b2462d1b2,
        type: 3}
      propertyPath: m_textInfo.lineCount
      value: 0
      objectReference: {fileID: 0}
    - target: {fileID: 875834696421351669, guid: 258e3608a5d7c7144927192b2462d1b2,
        type: 3}
      propertyPath: m_textInfo.pageCount
      value: 0
      objectReference: {fileID: 0}
    - target: {fileID: 875834696421351669, guid: 258e3608a5d7c7144927192b2462d1b2,
        type: 3}
      propertyPath: m_fontAsset
      value: 
      objectReference: {fileID: 11400000, guid: 8f586378b4e144a9851e7b34d9b748ee,
        type: 2}
    - target: {fileID: 875834696424368603, guid: 258e3608a5d7c7144927192b2462d1b2,
        type: 3}
      propertyPath: m_AnchorMax.y
      value: 0
      objectReference: {fileID: 0}
    - target: {fileID: 875834696645651568, guid: 258e3608a5d7c7144927192b2462d1b2,
        type: 3}
      propertyPath: m_TagString
      value: Drone
      objectReference: {fileID: 0}
    - target: {fileID: 875834696858206952, guid: 258e3608a5d7c7144927192b2462d1b2,
        type: 3}
      propertyPath: m_LocalPosition.z
      value: 0
      objectReference: {fileID: 0}
    - target: {fileID: 875834696962433857, guid: 258e3608a5d7c7144927192b2462d1b2,
        type: 3}
      propertyPath: playerCamera
      value: 
      objectReference: {fileID: 533555755}
    - target: {fileID: 875834696962433860, guid: 258e3608a5d7c7144927192b2462d1b2,
        type: 3}
      propertyPath: m_LocalPosition.x
      value: -1.64
      objectReference: {fileID: 0}
    - target: {fileID: 875834696962433860, guid: 258e3608a5d7c7144927192b2462d1b2,
        type: 3}
      propertyPath: m_LocalPosition.y
      value: 2.25
      objectReference: {fileID: 0}
    - target: {fileID: 875834696962433860, guid: 258e3608a5d7c7144927192b2462d1b2,
        type: 3}
      propertyPath: m_LocalPosition.z
      value: 0.53144073
      objectReference: {fileID: 0}
    - target: {fileID: 875834696962433860, guid: 258e3608a5d7c7144927192b2462d1b2,
        type: 3}
      propertyPath: m_LocalRotation.x
      value: -0
      objectReference: {fileID: 0}
    - target: {fileID: 875834696962433860, guid: 258e3608a5d7c7144927192b2462d1b2,
        type: 3}
      propertyPath: m_LocalRotation.y
      value: 0.0055854972
      objectReference: {fileID: 0}
    - target: {fileID: 875834696962433860, guid: 258e3608a5d7c7144927192b2462d1b2,
        type: 3}
      propertyPath: m_LocalRotation.z
      value: -0
      objectReference: {fileID: 0}
    - target: {fileID: 875834696962433860, guid: 258e3608a5d7c7144927192b2462d1b2,
        type: 3}
      propertyPath: m_LocalRotation.w
      value: 0.99998444
      objectReference: {fileID: 0}
    - target: {fileID: 875834696962433860, guid: 258e3608a5d7c7144927192b2462d1b2,
        type: 3}
      propertyPath: m_RootOrder
      value: 2
      objectReference: {fileID: 0}
    - target: {fileID: 875834696962433860, guid: 258e3608a5d7c7144927192b2462d1b2,
        type: 3}
      propertyPath: m_LocalEulerAnglesHint.x
      value: 0
      objectReference: {fileID: 0}
    - target: {fileID: 875834696962433860, guid: 258e3608a5d7c7144927192b2462d1b2,
        type: 3}
      propertyPath: m_LocalEulerAnglesHint.y
      value: 0.64000005
      objectReference: {fileID: 0}
    - target: {fileID: 875834696962433860, guid: 258e3608a5d7c7144927192b2462d1b2,
        type: 3}
      propertyPath: m_LocalEulerAnglesHint.z
      value: 0
      objectReference: {fileID: 0}
    - target: {fileID: 875834696962433865, guid: 258e3608a5d7c7144927192b2462d1b2,
        type: 3}
      propertyPath: m_Name
      value: Drone
      objectReference: {fileID: 0}
    - target: {fileID: 875834697237762474, guid: 258e3608a5d7c7144927192b2462d1b2,
        type: 3}
      propertyPath: m_textInfo.characterCount
      value: 0
      objectReference: {fileID: 0}
    - target: {fileID: 875834697237762474, guid: 258e3608a5d7c7144927192b2462d1b2,
        type: 3}
      propertyPath: m_textInfo.wordCount
      value: 0
      objectReference: {fileID: 0}
    - target: {fileID: 875834697237762474, guid: 258e3608a5d7c7144927192b2462d1b2,
        type: 3}
      propertyPath: m_textInfo.lineCount
      value: 0
      objectReference: {fileID: 0}
    - target: {fileID: 875834697237762474, guid: 258e3608a5d7c7144927192b2462d1b2,
        type: 3}
      propertyPath: m_textInfo.pageCount
      value: 0
      objectReference: {fileID: 0}
    - target: {fileID: 875834697237762474, guid: 258e3608a5d7c7144927192b2462d1b2,
        type: 3}
      propertyPath: m_fontAsset
      value: 
      objectReference: {fileID: 11400000, guid: 8f586378b4e144a9851e7b34d9b748ee,
        type: 2}
    - target: {fileID: 1402438355884337842, guid: 258e3608a5d7c7144927192b2462d1b2,
        type: 3}
      propertyPath: m_LocalPosition.z
      value: 0
      objectReference: {fileID: 0}
    m_RemovedComponents: []
  m_SourcePrefab: {fileID: 100100000, guid: 258e3608a5d7c7144927192b2462d1b2, type: 3}
--- !u!1 &1464185319 stripped
GameObject:
  m_CorrespondingSourceObject: {fileID: 950863407891664355, guid: 2cf247611b660a94297237d00f29bb99,
    type: 3}
  m_PrefabInstance: {fileID: 672490094}
  m_PrefabAsset: {fileID: 0}
--- !u!1 &1464384148
GameObject:
  m_ObjectHideFlags: 0
  m_CorrespondingSourceObject: {fileID: 0}
  m_PrefabInstance: {fileID: 0}
  m_PrefabAsset: {fileID: 0}
  serializedVersion: 6
  m_Component:
  - component: {fileID: 1464384149}
  - component: {fileID: 1464384151}
  - component: {fileID: 1464384150}
  m_Layer: 0
  m_Name: Path
  m_TagString: Untagged
  m_Icon: {fileID: 0}
  m_NavMeshLayer: 0
  m_StaticEditorFlags: 0
  m_IsActive: 1
--- !u!4 &1464384149
Transform:
  m_ObjectHideFlags: 0
  m_CorrespondingSourceObject: {fileID: 0}
  m_PrefabInstance: {fileID: 0}
  m_PrefabAsset: {fileID: 0}
  m_GameObject: {fileID: 1464384148}
  m_LocalRotation: {x: -0, y: -0, z: -0, w: 1}
  m_LocalPosition: {x: 12.134229, y: 18.248575, z: -21.403233}
  m_LocalScale: {x: 1, y: 1, z: 1}
  m_Children: []
  m_Father: {fileID: 87160827}
  m_RootOrder: 0
  m_LocalEulerAnglesHint: {x: 0, y: 0, z: 0}
--- !u!65 &1464384150
BoxCollider:
  m_ObjectHideFlags: 0
  m_CorrespondingSourceObject: {fileID: 0}
  m_PrefabInstance: {fileID: 0}
  m_PrefabAsset: {fileID: 0}
  m_GameObject: {fileID: 1464384148}
  m_Material: {fileID: 0}
  m_IsTrigger: 1
  m_Enabled: 1
  serializedVersion: 2
  m_Size: {x: 1, y: 1, z: 1}
  m_Center: {x: 0, y: 0, z: 0}
--- !u!114 &1464384151
MonoBehaviour:
  m_ObjectHideFlags: 0
  m_CorrespondingSourceObject: {fileID: 0}
  m_PrefabInstance: {fileID: 0}
  m_PrefabAsset: {fileID: 0}
  m_GameObject: {fileID: 1464384148}
  m_Enabled: 1
  m_EditorHideFlags: 0
  m_Script: {fileID: 11500000, guid: 4547d8ed081a2464380ecfe41d902619, type: 3}
  m_Name: 
  m_EditorClassIdentifier: 
  nextPath: {fileID: 1905523301}
--- !u!1 &1483703036
GameObject:
  m_ObjectHideFlags: 0
  m_CorrespondingSourceObject: {fileID: 0}
  m_PrefabInstance: {fileID: 0}
  m_PrefabAsset: {fileID: 0}
  serializedVersion: 6
  m_Component:
  - component: {fileID: 1483703038}
  - component: {fileID: 1483703037}
  m_Layer: 0
  m_Name: TimeScaler
  m_TagString: Untagged
  m_Icon: {fileID: 0}
  m_NavMeshLayer: 0
  m_StaticEditorFlags: 0
  m_IsActive: 1
--- !u!114 &1483703037
MonoBehaviour:
  m_ObjectHideFlags: 0
  m_CorrespondingSourceObject: {fileID: 0}
  m_PrefabInstance: {fileID: 0}
  m_PrefabAsset: {fileID: 0}
  m_GameObject: {fileID: 1483703036}
  m_Enabled: 1
  m_EditorHideFlags: 0
  m_Script: {fileID: 11500000, guid: 78c6ff04206f04743be4cfc0625bf100, type: 3}
  m_Name: 
  m_EditorClassIdentifier: 
  timeScale: 1
--- !u!4 &1483703038
Transform:
  m_ObjectHideFlags: 0
  m_CorrespondingSourceObject: {fileID: 0}
  m_PrefabInstance: {fileID: 0}
  m_PrefabAsset: {fileID: 0}
  m_GameObject: {fileID: 1483703036}
  m_LocalRotation: {x: 0, y: 0, z: 0, w: 1}
  m_LocalPosition: {x: 0, y: 0, z: 0}
  m_LocalScale: {x: 1, y: 1, z: 1}
  m_Children: []
  m_Father: {fileID: 0}
  m_RootOrder: 6
  m_LocalEulerAnglesHint: {x: 0, y: 0, z: 0}
--- !u!23 &1545258416 stripped
MeshRenderer:
  m_CorrespondingSourceObject: {fileID: 875834696962433862, guid: 258e3608a5d7c7144927192b2462d1b2,
    type: 3}
  m_PrefabInstance: {fileID: 1444100524}
  m_PrefabAsset: {fileID: 0}
--- !u!1001 &1587626246
PrefabInstance:
  m_ObjectHideFlags: 0
  serializedVersion: 2
  m_Modification:
    m_TransformParent: {fileID: 0}
    m_Modifications:
    - target: {fileID: 2438361163075773396, guid: bca0a38fdb6126d4cbf97508827e64e3,
        type: 3}
      propertyPath: m_OnClick.m_PersistentCalls.m_Calls.Array.data[0].m_Target
      value: 
      objectReference: {fileID: 165443083}
    - target: {fileID: 2438361163075773396, guid: bca0a38fdb6126d4cbf97508827e64e3,
        type: 3}
      propertyPath: m_OnClick.m_PersistentCalls.m_Calls.Array.data[0].m_MethodName
      value: Reload
      objectReference: {fileID: 0}
    - target: {fileID: 2438361163419510192, guid: bca0a38fdb6126d4cbf97508827e64e3,
        type: 3}
      propertyPath: m_LocalPosition.x
      value: 0
      objectReference: {fileID: 0}
    - target: {fileID: 2438361163419510192, guid: bca0a38fdb6126d4cbf97508827e64e3,
        type: 3}
      propertyPath: m_LocalPosition.y
      value: 0
      objectReference: {fileID: 0}
    - target: {fileID: 2438361163419510192, guid: bca0a38fdb6126d4cbf97508827e64e3,
        type: 3}
      propertyPath: m_LocalPosition.z
      value: 0
      objectReference: {fileID: 0}
    - target: {fileID: 2438361163419510192, guid: bca0a38fdb6126d4cbf97508827e64e3,
        type: 3}
      propertyPath: m_LocalRotation.x
      value: 0
      objectReference: {fileID: 0}
    - target: {fileID: 2438361163419510192, guid: bca0a38fdb6126d4cbf97508827e64e3,
        type: 3}
      propertyPath: m_LocalRotation.y
      value: 0
      objectReference: {fileID: 0}
    - target: {fileID: 2438361163419510192, guid: bca0a38fdb6126d4cbf97508827e64e3,
        type: 3}
      propertyPath: m_LocalRotation.z
      value: 0
      objectReference: {fileID: 0}
    - target: {fileID: 2438361163419510192, guid: bca0a38fdb6126d4cbf97508827e64e3,
        type: 3}
      propertyPath: m_LocalRotation.w
      value: 1
      objectReference: {fileID: 0}
    - target: {fileID: 2438361163419510192, guid: bca0a38fdb6126d4cbf97508827e64e3,
        type: 3}
      propertyPath: m_RootOrder
      value: 17
      objectReference: {fileID: 0}
    - target: {fileID: 2438361163419510192, guid: bca0a38fdb6126d4cbf97508827e64e3,
        type: 3}
      propertyPath: m_LocalEulerAnglesHint.x
      value: 0
      objectReference: {fileID: 0}
    - target: {fileID: 2438361163419510192, guid: bca0a38fdb6126d4cbf97508827e64e3,
        type: 3}
      propertyPath: m_LocalEulerAnglesHint.y
      value: 0
      objectReference: {fileID: 0}
    - target: {fileID: 2438361163419510192, guid: bca0a38fdb6126d4cbf97508827e64e3,
        type: 3}
      propertyPath: m_LocalEulerAnglesHint.z
      value: 0
      objectReference: {fileID: 0}
    - target: {fileID: 2438361163419510192, guid: bca0a38fdb6126d4cbf97508827e64e3,
        type: 3}
      propertyPath: m_AnchoredPosition.x
      value: 0
      objectReference: {fileID: 0}
    - target: {fileID: 2438361163419510192, guid: bca0a38fdb6126d4cbf97508827e64e3,
        type: 3}
      propertyPath: m_AnchoredPosition.y
      value: 0
      objectReference: {fileID: 0}
    - target: {fileID: 2438361163419510192, guid: bca0a38fdb6126d4cbf97508827e64e3,
        type: 3}
      propertyPath: m_SizeDelta.x
      value: 0
      objectReference: {fileID: 0}
    - target: {fileID: 2438361163419510192, guid: bca0a38fdb6126d4cbf97508827e64e3,
        type: 3}
      propertyPath: m_SizeDelta.y
      value: 0
      objectReference: {fileID: 0}
    - target: {fileID: 2438361163419510192, guid: bca0a38fdb6126d4cbf97508827e64e3,
        type: 3}
      propertyPath: m_AnchorMin.x
      value: 0
      objectReference: {fileID: 0}
    - target: {fileID: 2438361163419510192, guid: bca0a38fdb6126d4cbf97508827e64e3,
        type: 3}
      propertyPath: m_AnchorMin.y
      value: 0
      objectReference: {fileID: 0}
    - target: {fileID: 2438361163419510192, guid: bca0a38fdb6126d4cbf97508827e64e3,
        type: 3}
      propertyPath: m_AnchorMax.x
      value: 0
      objectReference: {fileID: 0}
    - target: {fileID: 2438361163419510192, guid: bca0a38fdb6126d4cbf97508827e64e3,
        type: 3}
      propertyPath: m_AnchorMax.y
      value: 0
      objectReference: {fileID: 0}
    - target: {fileID: 2438361163419510192, guid: bca0a38fdb6126d4cbf97508827e64e3,
        type: 3}
      propertyPath: m_Pivot.x
      value: 0
      objectReference: {fileID: 0}
    - target: {fileID: 2438361163419510192, guid: bca0a38fdb6126d4cbf97508827e64e3,
        type: 3}
      propertyPath: m_Pivot.y
      value: 0
      objectReference: {fileID: 0}
    - target: {fileID: 2438361163419510196, guid: bca0a38fdb6126d4cbf97508827e64e3,
        type: 3}
      propertyPath: m_Name
      value: Pause
      objectReference: {fileID: 0}
    - target: {fileID: 2438361163419510196, guid: bca0a38fdb6126d4cbf97508827e64e3,
        type: 3}
      propertyPath: m_IsActive
      value: 0
      objectReference: {fileID: 0}
    - target: {fileID: 2438361163419510198, guid: bca0a38fdb6126d4cbf97508827e64e3,
        type: 3}
      propertyPath: m_UiScaleMode
      value: 1
      objectReference: {fileID: 0}
    - target: {fileID: 2438361164436008092, guid: bca0a38fdb6126d4cbf97508827e64e3,
        type: 3}
      propertyPath: m_OnClick.m_PersistentCalls.m_Calls.Array.data[0].m_Target
      value: 
      objectReference: {fileID: 165443083}
    - target: {fileID: 2438361164436008092, guid: bca0a38fdb6126d4cbf97508827e64e3,
        type: 3}
      propertyPath: m_OnClick.m_PersistentCalls.m_Calls.Array.data[0].m_MethodName
      value: Quit
      objectReference: {fileID: 0}
    m_RemovedComponents: []
  m_SourcePrefab: {fileID: 100100000, guid: bca0a38fdb6126d4cbf97508827e64e3, type: 3}
--- !u!1 &1587626247 stripped
GameObject:
  m_CorrespondingSourceObject: {fileID: 2438361163419510196, guid: bca0a38fdb6126d4cbf97508827e64e3,
    type: 3}
  m_PrefabInstance: {fileID: 1587626246}
  m_PrefabAsset: {fileID: 0}
--- !u!1001 &1607769433
PrefabInstance:
  m_ObjectHideFlags: 0
  serializedVersion: 2
  m_Modification:
    m_TransformParent: {fileID: 0}
    m_Modifications:
    - target: {fileID: 628251928773518066, guid: d6b4bf56291585d418a22fea1d0b61d8,
        type: 3}
      propertyPath: healthbar
      value: 
      objectReference: {fileID: 69960403}
    - target: {fileID: 628251928773518066, guid: d6b4bf56291585d418a22fea1d0b61d8,
        type: 3}
      propertyPath: time
      value: 
      objectReference: {fileID: 1483703037}
    - target: {fileID: 628251928773518066, guid: d6b4bf56291585d418a22fea1d0b61d8,
        type: 3}
      propertyPath: gameOverPanel
      value: 
      objectReference: {fileID: 727197150}
    - target: {fileID: 2488910003929829583, guid: d6b4bf56291585d418a22fea1d0b61d8,
        type: 3}
      propertyPath: karmaBar
      value: 
      objectReference: {fileID: 0}
    - target: {fileID: 2488910003929829583, guid: d6b4bf56291585d418a22fea1d0b61d8,
        type: 3}
      propertyPath: xpBar
      value: 
      objectReference: {fileID: 2170842344736523318}
    - target: {fileID: 4501796049535987656, guid: d6b4bf56291585d418a22fea1d0b61d8,
        type: 3}
      propertyPath: m_Enabled
      value: 1
      objectReference: {fileID: 0}
    - target: {fileID: 5254241433597918666, guid: d6b4bf56291585d418a22fea1d0b61d8,
        type: 3}
      propertyPath: m_LocalPosition.x
      value: 1.96
      objectReference: {fileID: 0}
    - target: {fileID: 5254241433597918666, guid: d6b4bf56291585d418a22fea1d0b61d8,
        type: 3}
      propertyPath: m_LocalPosition.z
      value: -0.03
      objectReference: {fileID: 0}
    - target: {fileID: 6988285766319911646, guid: d6b4bf56291585d418a22fea1d0b61d8,
        type: 3}
      propertyPath: menu
      value: 
      objectReference: {fileID: 1587626247}
    - target: {fileID: 6988285766319911646, guid: d6b4bf56291585d418a22fea1d0b61d8,
        type: 3}
      propertyPath: "panelComp\xE9tence"
      value: 
      objectReference: {fileID: 1307778431}
    - target: {fileID: 7323999285063235456, guid: d6b4bf56291585d418a22fea1d0b61d8,
        type: 3}
      propertyPath: m_Name
      value: Player
      objectReference: {fileID: 0}
    - target: {fileID: 7323999285063235456, guid: d6b4bf56291585d418a22fea1d0b61d8,
        type: 3}
      propertyPath: m_TagString
      value: Player
      objectReference: {fileID: 0}
    - target: {fileID: 7323999285063235457, guid: d6b4bf56291585d418a22fea1d0b61d8,
        type: 3}
      propertyPath: m_UseGravity
      value: 1
      objectReference: {fileID: 0}
    - target: {fileID: 7323999285063235457, guid: d6b4bf56291585d418a22fea1d0b61d8,
        type: 3}
      propertyPath: m_Mass
      value: 6
      objectReference: {fileID: 0}
    - target: {fileID: 7323999285063235457, guid: d6b4bf56291585d418a22fea1d0b61d8,
        type: 3}
      propertyPath: m_Drag
      value: 1
      objectReference: {fileID: 0}
    - target: {fileID: 7323999285063235457, guid: d6b4bf56291585d418a22fea1d0b61d8,
        type: 3}
      propertyPath: m_Constraints
      value: 80
      objectReference: {fileID: 0}
    - target: {fileID: 7323999285063235461, guid: d6b4bf56291585d418a22fea1d0b61d8,
        type: 3}
      propertyPath: m_LocalPosition.x
      value: -6.5
      objectReference: {fileID: 0}
    - target: {fileID: 7323999285063235461, guid: d6b4bf56291585d418a22fea1d0b61d8,
        type: 3}
      propertyPath: m_LocalPosition.y
      value: 2.13
      objectReference: {fileID: 0}
    - target: {fileID: 7323999285063235461, guid: d6b4bf56291585d418a22fea1d0b61d8,
        type: 3}
      propertyPath: m_LocalPosition.z
      value: 1
      objectReference: {fileID: 0}
    - target: {fileID: 7323999285063235461, guid: d6b4bf56291585d418a22fea1d0b61d8,
        type: 3}
      propertyPath: m_LocalRotation.x
      value: -0
      objectReference: {fileID: 0}
    - target: {fileID: 7323999285063235461, guid: d6b4bf56291585d418a22fea1d0b61d8,
        type: 3}
      propertyPath: m_LocalRotation.y
      value: -0
      objectReference: {fileID: 0}
    - target: {fileID: 7323999285063235461, guid: d6b4bf56291585d418a22fea1d0b61d8,
        type: 3}
      propertyPath: m_LocalRotation.z
      value: -0
      objectReference: {fileID: 0}
    - target: {fileID: 7323999285063235461, guid: d6b4bf56291585d418a22fea1d0b61d8,
        type: 3}
      propertyPath: m_LocalRotation.w
      value: 1
      objectReference: {fileID: 0}
    - target: {fileID: 7323999285063235461, guid: d6b4bf56291585d418a22fea1d0b61d8,
        type: 3}
      propertyPath: m_RootOrder
      value: 14
      objectReference: {fileID: 0}
    - target: {fileID: 7323999285063235461, guid: d6b4bf56291585d418a22fea1d0b61d8,
        type: 3}
      propertyPath: m_LocalEulerAnglesHint.x
      value: 0
      objectReference: {fileID: 0}
    - target: {fileID: 7323999285063235461, guid: d6b4bf56291585d418a22fea1d0b61d8,
        type: 3}
      propertyPath: m_LocalEulerAnglesHint.y
      value: 0
      objectReference: {fileID: 0}
    - target: {fileID: 7323999285063235461, guid: d6b4bf56291585d418a22fea1d0b61d8,
        type: 3}
      propertyPath: m_LocalEulerAnglesHint.z
      value: 0
      objectReference: {fileID: 0}
    - target: {fileID: 7323999285063235466, guid: d6b4bf56291585d418a22fea1d0b61d8,
        type: 3}
      propertyPath: MainCamera
      value: 
      objectReference: {fileID: 1464185319}
    - target: {fileID: 7323999285063235466, guid: d6b4bf56291585d418a22fea1d0b61d8,
        type: 3}
      propertyPath: aimPoint
      value: 
      objectReference: {fileID: 647321563}
    - target: {fileID: 7323999285063235466, guid: d6b4bf56291585d418a22fea1d0b61d8,
        type: 3}
      propertyPath: moveForward
      value: 
      objectReference: {fileID: 0}
    - target: {fileID: 7323999285063235466, guid: d6b4bf56291585d418a22fea1d0b61d8,
        type: 3}
      propertyPath: rb
      value: 
      objectReference: {fileID: 1925783816}
    - target: {fileID: 7414061463132627141, guid: d6b4bf56291585d418a22fea1d0b61d8,
        type: 3}
      propertyPath: m_LocalPosition.z
      value: 0.6
      objectReference: {fileID: 0}
    m_RemovedComponents: []
  m_SourcePrefab: {fileID: 100100000, guid: d6b4bf56291585d418a22fea1d0b61d8, type: 3}
--- !u!1001 &1636033365
PrefabInstance:
  m_ObjectHideFlags: 0
  serializedVersion: 2
  m_Modification:
    m_TransformParent: {fileID: 0}
    m_Modifications:
    - target: {fileID: 660696787955621065, guid: e0a8a5a1bab1cec48abdbc6c466c27d0,
        type: 3}
      propertyPath: bossDetectionDistance
      value: 70
      objectReference: {fileID: 0}
    - target: {fileID: 660696787955621070, guid: e0a8a5a1bab1cec48abdbc6c466c27d0,
        type: 3}
      propertyPath: m_LocalPosition.x
      value: 0.3
      objectReference: {fileID: 0}
    - target: {fileID: 660696787955621070, guid: e0a8a5a1bab1cec48abdbc6c466c27d0,
        type: 3}
      propertyPath: m_LocalPosition.y
      value: -12.9
      objectReference: {fileID: 0}
    - target: {fileID: 660696787955621070, guid: e0a8a5a1bab1cec48abdbc6c466c27d0,
        type: 3}
      propertyPath: m_LocalPosition.z
      value: 123.9
      objectReference: {fileID: 0}
    - target: {fileID: 660696787955621070, guid: e0a8a5a1bab1cec48abdbc6c466c27d0,
        type: 3}
      propertyPath: m_LocalRotation.x
      value: 0
      objectReference: {fileID: 0}
    - target: {fileID: 660696787955621070, guid: e0a8a5a1bab1cec48abdbc6c466c27d0,
        type: 3}
      propertyPath: m_LocalRotation.y
      value: 0
      objectReference: {fileID: 0}
    - target: {fileID: 660696787955621070, guid: e0a8a5a1bab1cec48abdbc6c466c27d0,
        type: 3}
      propertyPath: m_LocalRotation.z
      value: 0
      objectReference: {fileID: 0}
    - target: {fileID: 660696787955621070, guid: e0a8a5a1bab1cec48abdbc6c466c27d0,
        type: 3}
      propertyPath: m_LocalRotation.w
      value: 1
      objectReference: {fileID: 0}
    - target: {fileID: 660696787955621070, guid: e0a8a5a1bab1cec48abdbc6c466c27d0,
        type: 3}
      propertyPath: m_RootOrder
      value: 0
      objectReference: {fileID: 0}
    - target: {fileID: 660696787955621070, guid: e0a8a5a1bab1cec48abdbc6c466c27d0,
        type: 3}
      propertyPath: m_LocalEulerAnglesHint.x
      value: 0
      objectReference: {fileID: 0}
    - target: {fileID: 660696787955621070, guid: e0a8a5a1bab1cec48abdbc6c466c27d0,
        type: 3}
      propertyPath: m_LocalEulerAnglesHint.y
      value: 0
      objectReference: {fileID: 0}
    - target: {fileID: 660696787955621070, guid: e0a8a5a1bab1cec48abdbc6c466c27d0,
        type: 3}
      propertyPath: m_LocalEulerAnglesHint.z
      value: 0
      objectReference: {fileID: 0}
    - target: {fileID: 660696787955621071, guid: e0a8a5a1bab1cec48abdbc6c466c27d0,
        type: 3}
      propertyPath: m_Name
      value: Boss
      objectReference: {fileID: 0}
    - target: {fileID: 5780260071028048475, guid: e0a8a5a1bab1cec48abdbc6c466c27d0,
        type: 3}
      propertyPath: m_RootOrder
      value: 1
      objectReference: {fileID: 0}
    - target: {fileID: 5780260071028048475, guid: e0a8a5a1bab1cec48abdbc6c466c27d0,
        type: 3}
      propertyPath: m_LocalPosition.z
      value: -16.3
      objectReference: {fileID: 0}
    m_RemovedComponents: []
  m_SourcePrefab: {fileID: 100100000, guid: e0a8a5a1bab1cec48abdbc6c466c27d0, type: 3}
--- !u!114 &1648079857 stripped
MonoBehaviour:
  m_CorrespondingSourceObject: {fileID: 8347470493737679268, guid: d6b4bf56291585d418a22fea1d0b61d8,
    type: 3}
  m_PrefabInstance: {fileID: 1607769433}
  m_PrefabAsset: {fileID: 0}
  m_GameObject: {fileID: 0}
  m_Enabled: 1
  m_EditorHideFlags: 0
  m_Script: {fileID: 11500000, guid: 1accf533a2101d34d9396603a30fe992, type: 3}
  m_Name: 
  m_EditorClassIdentifier: 
--- !u!1 &1756019066
GameObject:
  m_ObjectHideFlags: 0
  m_CorrespondingSourceObject: {fileID: 0}
  m_PrefabInstance: {fileID: 0}
  m_PrefabAsset: {fileID: 0}
  serializedVersion: 6
  m_Component:
  - component: {fileID: 1756019067}
  - component: {fileID: 1756019069}
  - component: {fileID: 1756019068}
  m_Layer: 0
  m_Name: Path
  m_TagString: Untagged
  m_Icon: {fileID: 0}
  m_NavMeshLayer: 0
  m_StaticEditorFlags: 0
  m_IsActive: 1
--- !u!4 &1756019067
Transform:
  m_ObjectHideFlags: 0
  m_CorrespondingSourceObject: {fileID: 0}
  m_PrefabInstance: {fileID: 0}
  m_PrefabAsset: {fileID: 0}
  m_GameObject: {fileID: 1756019066}
  m_LocalRotation: {x: -0, y: -0, z: -0, w: 1}
  m_LocalPosition: {x: 12.134229, y: 18.248575, z: -21.403233}
  m_LocalScale: {x: 1, y: 1, z: 1}
  m_Children: []
  m_Father: {fileID: 1130493077}
  m_RootOrder: 0
  m_LocalEulerAnglesHint: {x: 0, y: 0, z: 0}
--- !u!65 &1756019068
BoxCollider:
  m_ObjectHideFlags: 0
  m_CorrespondingSourceObject: {fileID: 0}
  m_PrefabInstance: {fileID: 0}
  m_PrefabAsset: {fileID: 0}
  m_GameObject: {fileID: 1756019066}
  m_Material: {fileID: 0}
  m_IsTrigger: 1
  m_Enabled: 1
  serializedVersion: 2
  m_Size: {x: 1, y: 1, z: 1}
  m_Center: {x: 0, y: 0, z: 0}
--- !u!114 &1756019069
MonoBehaviour:
  m_ObjectHideFlags: 0
  m_CorrespondingSourceObject: {fileID: 0}
  m_PrefabInstance: {fileID: 0}
  m_PrefabAsset: {fileID: 0}
  m_GameObject: {fileID: 1756019066}
  m_Enabled: 1
  m_EditorHideFlags: 0
  m_Script: {fileID: 11500000, guid: 4547d8ed081a2464380ecfe41d902619, type: 3}
  m_Name: 
  m_EditorClassIdentifier: 
  nextPath: {fileID: 1921467188}
--- !u!1001 &1820642392
PrefabInstance:
  m_ObjectHideFlags: 0
  serializedVersion: 2
  m_Modification:
    m_TransformParent: {fileID: 0}
    m_Modifications:
    - target: {fileID: 8195501220098889052, guid: bbec37c9072554e4994a1caefd2261c5,
        type: 3}
      propertyPath: m_TagString
      value: wall
      objectReference: {fileID: 0}
    - target: {fileID: 8195501221240265909, guid: bbec37c9072554e4994a1caefd2261c5,
        type: 3}
      propertyPath: m_Name
      value: partie1
      objectReference: {fileID: 0}
    - target: {fileID: 8195501221240265930, guid: bbec37c9072554e4994a1caefd2261c5,
        type: 3}
      propertyPath: m_LocalPosition.x
      value: -224.86568
      objectReference: {fileID: 0}
    - target: {fileID: 8195501221240265930, guid: bbec37c9072554e4994a1caefd2261c5,
        type: 3}
      propertyPath: m_LocalPosition.y
      value: 22.9
      objectReference: {fileID: 0}
    - target: {fileID: 8195501221240265930, guid: bbec37c9072554e4994a1caefd2261c5,
        type: 3}
      propertyPath: m_LocalPosition.z
      value: -369.5
      objectReference: {fileID: 0}
    - target: {fileID: 8195501221240265930, guid: bbec37c9072554e4994a1caefd2261c5,
        type: 3}
      propertyPath: m_LocalRotation.x
      value: 0
      objectReference: {fileID: 0}
    - target: {fileID: 8195501221240265930, guid: bbec37c9072554e4994a1caefd2261c5,
        type: 3}
      propertyPath: m_LocalRotation.y
      value: 0
      objectReference: {fileID: 0}
    - target: {fileID: 8195501221240265930, guid: bbec37c9072554e4994a1caefd2261c5,
        type: 3}
      propertyPath: m_LocalRotation.z
      value: 0
      objectReference: {fileID: 0}
    - target: {fileID: 8195501221240265930, guid: bbec37c9072554e4994a1caefd2261c5,
        type: 3}
      propertyPath: m_LocalRotation.w
      value: 1
      objectReference: {fileID: 0}
    - target: {fileID: 8195501221240265930, guid: bbec37c9072554e4994a1caefd2261c5,
        type: 3}
      propertyPath: m_RootOrder
      value: 1
      objectReference: {fileID: 0}
    - target: {fileID: 8195501221240265930, guid: bbec37c9072554e4994a1caefd2261c5,
        type: 3}
      propertyPath: m_LocalEulerAnglesHint.x
      value: 0
      objectReference: {fileID: 0}
    - target: {fileID: 8195501221240265930, guid: bbec37c9072554e4994a1caefd2261c5,
        type: 3}
      propertyPath: m_LocalEulerAnglesHint.y
      value: 0
      objectReference: {fileID: 0}
    - target: {fileID: 8195501221240265930, guid: bbec37c9072554e4994a1caefd2261c5,
        type: 3}
      propertyPath: m_LocalEulerAnglesHint.z
      value: 0
      objectReference: {fileID: 0}
    m_RemovedComponents: []
  m_SourcePrefab: {fileID: 100100000, guid: bbec37c9072554e4994a1caefd2261c5, type: 3}
--- !u!1 &1844559093
GameObject:
  m_ObjectHideFlags: 0
  m_CorrespondingSourceObject: {fileID: 0}
  m_PrefabInstance: {fileID: 0}
  m_PrefabAsset: {fileID: 0}
  serializedVersion: 6
  m_Component:
  - component: {fileID: 1844559094}
  - component: {fileID: 1844559096}
  - component: {fileID: 1844559095}
  m_Layer: 0
  m_Name: Path (2)
  m_TagString: Untagged
  m_Icon: {fileID: 0}
  m_NavMeshLayer: 0
  m_StaticEditorFlags: 0
  m_IsActive: 1
--- !u!4 &1844559094
Transform:
  m_ObjectHideFlags: 0
  m_CorrespondingSourceObject: {fileID: 0}
  m_PrefabInstance: {fileID: 0}
  m_PrefabAsset: {fileID: 0}
  m_GameObject: {fileID: 1844559093}
  m_LocalRotation: {x: -0, y: -0, z: -0, w: 1}
  m_LocalPosition: {x: 7.6342287, y: 18.248575, z: -12.403233}
  m_LocalScale: {x: 1, y: 1, z: 1}
  m_Children: []
  m_Father: {fileID: 87160827}
  m_RootOrder: 2
  m_LocalEulerAnglesHint: {x: 0, y: 0, z: 0}
--- !u!65 &1844559095
BoxCollider:
  m_ObjectHideFlags: 0
  m_CorrespondingSourceObject: {fileID: 0}
  m_PrefabInstance: {fileID: 0}
  m_PrefabAsset: {fileID: 0}
  m_GameObject: {fileID: 1844559093}
  m_Material: {fileID: 0}
  m_IsTrigger: 1
  m_Enabled: 1
  serializedVersion: 2
  m_Size: {x: 1, y: 1, z: 1}
  m_Center: {x: 0, y: 0, z: 0}
--- !u!114 &1844559096
MonoBehaviour:
  m_ObjectHideFlags: 0
  m_CorrespondingSourceObject: {fileID: 0}
  m_PrefabInstance: {fileID: 0}
  m_PrefabAsset: {fileID: 0}
  m_GameObject: {fileID: 1844559093}
  m_Enabled: 1
  m_EditorHideFlags: 0
  m_Script: {fileID: 11500000, guid: 4547d8ed081a2464380ecfe41d902619, type: 3}
  m_Name: 
  m_EditorClassIdentifier: 
  nextPath: {fileID: 1464384149}
--- !u!1 &1905523300
GameObject:
  m_ObjectHideFlags: 0
  m_CorrespondingSourceObject: {fileID: 0}
  m_PrefabInstance: {fileID: 0}
  m_PrefabAsset: {fileID: 0}
  serializedVersion: 6
  m_Component:
  - component: {fileID: 1905523301}
  - component: {fileID: 1905523303}
  - component: {fileID: 1905523302}
  m_Layer: 0
  m_Name: Path (1)
  m_TagString: Untagged
  m_Icon: {fileID: 0}
  m_NavMeshLayer: 0
  m_StaticEditorFlags: 0
  m_IsActive: 1
--- !u!4 &1905523301
Transform:
  m_ObjectHideFlags: 0
  m_CorrespondingSourceObject: {fileID: 0}
  m_PrefabInstance: {fileID: 0}
  m_PrefabAsset: {fileID: 0}
  m_GameObject: {fileID: 1905523300}
  m_LocalRotation: {x: -0, y: -0, z: -0, w: 1}
  m_LocalPosition: {x: 16.634228, y: 18.248575, z: -12.403233}
  m_LocalScale: {x: 1, y: 1, z: 1}
  m_Children: []
  m_Father: {fileID: 87160827}
  m_RootOrder: 1
  m_LocalEulerAnglesHint: {x: 0, y: 0, z: 0}
--- !u!65 &1905523302
BoxCollider:
  m_ObjectHideFlags: 0
  m_CorrespondingSourceObject: {fileID: 0}
  m_PrefabInstance: {fileID: 0}
  m_PrefabAsset: {fileID: 0}
  m_GameObject: {fileID: 1905523300}
  m_Material: {fileID: 0}
  m_IsTrigger: 1
  m_Enabled: 1
  serializedVersion: 2
  m_Size: {x: 1, y: 1, z: 1}
  m_Center: {x: 0, y: 0, z: 0}
--- !u!114 &1905523303
MonoBehaviour:
  m_ObjectHideFlags: 0
  m_CorrespondingSourceObject: {fileID: 0}
  m_PrefabInstance: {fileID: 0}
  m_PrefabAsset: {fileID: 0}
  m_GameObject: {fileID: 1905523300}
  m_Enabled: 1
  m_EditorHideFlags: 0
  m_Script: {fileID: 11500000, guid: 4547d8ed081a2464380ecfe41d902619, type: 3}
  m_Name: 
  m_EditorClassIdentifier: 
  nextPath: {fileID: 1844559094}
--- !u!1 &1921467187
GameObject:
  m_ObjectHideFlags: 0
  m_CorrespondingSourceObject: {fileID: 0}
  m_PrefabInstance: {fileID: 0}
  m_PrefabAsset: {fileID: 0}
  serializedVersion: 6
  m_Component:
  - component: {fileID: 1921467188}
  - component: {fileID: 1921467190}
  - component: {fileID: 1921467189}
  m_Layer: 0
  m_Name: Path (1)
  m_TagString: Untagged
  m_Icon: {fileID: 0}
  m_NavMeshLayer: 0
  m_StaticEditorFlags: 0
  m_IsActive: 1
--- !u!4 &1921467188
Transform:
  m_ObjectHideFlags: 0
  m_CorrespondingSourceObject: {fileID: 0}
  m_PrefabInstance: {fileID: 0}
  m_PrefabAsset: {fileID: 0}
  m_GameObject: {fileID: 1921467187}
  m_LocalRotation: {x: -0, y: -0, z: -0, w: 1}
  m_LocalPosition: {x: 27.56, y: 18.248575, z: -12.403233}
  m_LocalScale: {x: 1, y: 1, z: 1}
  m_Children: []
  m_Father: {fileID: 1130493077}
  m_RootOrder: 1
  m_LocalEulerAnglesHint: {x: 0, y: 0, z: 0}
--- !u!65 &1921467189
BoxCollider:
  m_ObjectHideFlags: 0
  m_CorrespondingSourceObject: {fileID: 0}
  m_PrefabInstance: {fileID: 0}
  m_PrefabAsset: {fileID: 0}
  m_GameObject: {fileID: 1921467187}
  m_Material: {fileID: 0}
  m_IsTrigger: 1
  m_Enabled: 1
  serializedVersion: 2
  m_Size: {x: 1, y: 1, z: 1}
  m_Center: {x: 0, y: 0, z: 0}
--- !u!114 &1921467190
MonoBehaviour:
  m_ObjectHideFlags: 0
  m_CorrespondingSourceObject: {fileID: 0}
  m_PrefabInstance: {fileID: 0}
  m_PrefabAsset: {fileID: 0}
  m_GameObject: {fileID: 1921467187}
  m_Enabled: 1
  m_EditorHideFlags: 0
  m_Script: {fileID: 11500000, guid: 4547d8ed081a2464380ecfe41d902619, type: 3}
  m_Name: 
  m_EditorClassIdentifier: 
  nextPath: {fileID: 578927057}
--- !u!54 &1925783816 stripped
Rigidbody:
  m_CorrespondingSourceObject: {fileID: 7323999285063235457, guid: d6b4bf56291585d418a22fea1d0b61d8,
    type: 3}
  m_PrefabInstance: {fileID: 1607769433}
  m_PrefabAsset: {fileID: 0}
--- !u!1 &2011968695 stripped
GameObject:
  m_CorrespondingSourceObject: {fileID: 5227867745421048450, guid: d6b4bf56291585d418a22fea1d0b61d8,
    type: 3}
  m_PrefabInstance: {fileID: 1607769433}
  m_PrefabAsset: {fileID: 0}
--- !u!114 &2170842344736523318 stripped
MonoBehaviour:
  m_CorrespondingSourceObject: {fileID: 7931025001363345159, guid: 2c117888d59130642a21f782fecef88c,
    type: 3}
  m_PrefabInstance: {fileID: 8084181970082630449}
  m_PrefabAsset: {fileID: 0}
  m_GameObject: {fileID: 0}
  m_Enabled: 1
  m_EditorHideFlags: 0
  m_Script: {fileID: 11500000, guid: b440c267020a3b149a9e00d34888317b, type: 3}
  m_Name: 
  m_EditorClassIdentifier: 
--- !u!1001 &8084181970082630449
PrefabInstance:
  m_ObjectHideFlags: 0
  serializedVersion: 2
  m_Modification:
    m_TransformParent: {fileID: 0}
    m_Modifications:
    - target: {fileID: 1584073415986792210, guid: 2c117888d59130642a21f782fecef88c,
        type: 3}
      propertyPath: m_OnClick.m_PersistentCalls.m_Calls.Array.data[0].m_Target
      value: 
      objectReference: {fileID: 165443083}
    - target: {fileID: 1584073415986792210, guid: 2c117888d59130642a21f782fecef88c,
        type: 3}
      propertyPath: m_OnClick.m_PersistentCalls.m_Calls.Array.data[0].m_MethodName
      value: Quit
      objectReference: {fileID: 0}
    - target: {fileID: 2096146693866124343, guid: 2c117888d59130642a21f782fecef88c,
        type: 3}
      propertyPath: m_AnchoredPosition.y
      value: 1.300003
      objectReference: {fileID: 0}
    - target: {fileID: 6920550640187867949, guid: 2c117888d59130642a21f782fecef88c,
        type: 3}
      propertyPath: m_OnClick.m_PersistentCalls.m_Calls.Array.data[0].m_Target
      value: 
      objectReference: {fileID: 165443083}
    - target: {fileID: 6920550640187867949, guid: 2c117888d59130642a21f782fecef88c,
        type: 3}
      propertyPath: m_OnClick.m_PersistentCalls.m_Calls.Array.data[0].m_MethodName
      value: Reload
      objectReference: {fileID: 0}
    - target: {fileID: 8084181970988555950, guid: 2c117888d59130642a21f782fecef88c,
        type: 3}
      propertyPath: m_AnchorMax.y
      value: 0
      objectReference: {fileID: 0}
    - target: {fileID: 8084181971048728823, guid: 2c117888d59130642a21f782fecef88c,
        type: 3}
      propertyPath: m_Name
      value: Canvas_xp
      objectReference: {fileID: 0}
    - target: {fileID: 8084181971048728826, guid: 2c117888d59130642a21f782fecef88c,
        type: 3}
      propertyPath: m_LocalPosition.x
      value: 0
      objectReference: {fileID: 0}
    - target: {fileID: 8084181971048728826, guid: 2c117888d59130642a21f782fecef88c,
        type: 3}
      propertyPath: m_LocalPosition.y
      value: 0
      objectReference: {fileID: 0}
    - target: {fileID: 8084181971048728826, guid: 2c117888d59130642a21f782fecef88c,
        type: 3}
      propertyPath: m_LocalPosition.z
      value: 0
      objectReference: {fileID: 0}
    - target: {fileID: 8084181971048728826, guid: 2c117888d59130642a21f782fecef88c,
        type: 3}
      propertyPath: m_LocalRotation.x
      value: 0
      objectReference: {fileID: 0}
    - target: {fileID: 8084181971048728826, guid: 2c117888d59130642a21f782fecef88c,
        type: 3}
      propertyPath: m_LocalRotation.y
      value: 0
      objectReference: {fileID: 0}
    - target: {fileID: 8084181971048728826, guid: 2c117888d59130642a21f782fecef88c,
        type: 3}
      propertyPath: m_LocalRotation.z
      value: 0
      objectReference: {fileID: 0}
    - target: {fileID: 8084181971048728826, guid: 2c117888d59130642a21f782fecef88c,
        type: 3}
      propertyPath: m_LocalRotation.w
      value: 1
      objectReference: {fileID: 0}
    - target: {fileID: 8084181971048728826, guid: 2c117888d59130642a21f782fecef88c,
        type: 3}
      propertyPath: m_RootOrder
      value: 3
      objectReference: {fileID: 0}
    - target: {fileID: 8084181971048728826, guid: 2c117888d59130642a21f782fecef88c,
        type: 3}
      propertyPath: m_LocalEulerAnglesHint.x
      value: 0
      objectReference: {fileID: 0}
    - target: {fileID: 8084181971048728826, guid: 2c117888d59130642a21f782fecef88c,
        type: 3}
      propertyPath: m_LocalEulerAnglesHint.y
      value: 0
      objectReference: {fileID: 0}
    - target: {fileID: 8084181971048728826, guid: 2c117888d59130642a21f782fecef88c,
        type: 3}
      propertyPath: m_LocalEulerAnglesHint.z
      value: 0
      objectReference: {fileID: 0}
    - target: {fileID: 8084181971048728826, guid: 2c117888d59130642a21f782fecef88c,
        type: 3}
      propertyPath: m_AnchoredPosition.x
      value: 0
      objectReference: {fileID: 0}
    - target: {fileID: 8084181971048728826, guid: 2c117888d59130642a21f782fecef88c,
        type: 3}
      propertyPath: m_AnchoredPosition.y
      value: 0
      objectReference: {fileID: 0}
    - target: {fileID: 8084181971048728826, guid: 2c117888d59130642a21f782fecef88c,
        type: 3}
      propertyPath: m_SizeDelta.x
      value: 0
      objectReference: {fileID: 0}
    - target: {fileID: 8084181971048728826, guid: 2c117888d59130642a21f782fecef88c,
        type: 3}
      propertyPath: m_SizeDelta.y
      value: 0
      objectReference: {fileID: 0}
    - target: {fileID: 8084181971048728826, guid: 2c117888d59130642a21f782fecef88c,
        type: 3}
      propertyPath: m_AnchorMin.x
      value: 0
      objectReference: {fileID: 0}
    - target: {fileID: 8084181971048728826, guid: 2c117888d59130642a21f782fecef88c,
        type: 3}
      propertyPath: m_AnchorMin.y
      value: 0
      objectReference: {fileID: 0}
    - target: {fileID: 8084181971048728826, guid: 2c117888d59130642a21f782fecef88c,
        type: 3}
      propertyPath: m_AnchorMax.x
      value: 0
      objectReference: {fileID: 0}
    - target: {fileID: 8084181971048728826, guid: 2c117888d59130642a21f782fecef88c,
        type: 3}
      propertyPath: m_AnchorMax.y
      value: 0
      objectReference: {fileID: 0}
    - target: {fileID: 8084181971048728826, guid: 2c117888d59130642a21f782fecef88c,
        type: 3}
      propertyPath: m_Pivot.x
      value: 0
      objectReference: {fileID: 0}
    - target: {fileID: 8084181971048728826, guid: 2c117888d59130642a21f782fecef88c,
        type: 3}
      propertyPath: m_Pivot.y
      value: 0
      objectReference: {fileID: 0}
    - target: {fileID: 8084181971048728829, guid: 2c117888d59130642a21f782fecef88c,
        type: 3}
      propertyPath: playerController
      value: 
      objectReference: {fileID: 72457121}
    - target: {fileID: 8084181971048728829, guid: 2c117888d59130642a21f782fecef88c,
        type: 3}
      propertyPath: cameraFollow
      value: 
      objectReference: {fileID: 937567284}
    - target: {fileID: 8084181971048728829, guid: 2c117888d59130642a21f782fecef88c,
        type: 3}
      propertyPath: time
      value: 
      objectReference: {fileID: 328115976}
    - target: {fileID: 8084181971048728829, guid: 2c117888d59130642a21f782fecef88c,
        type: 3}
      propertyPath: playerShoot
      value: 
      objectReference: {fileID: 1648079857}
    - target: {fileID: 8084181971469841849, guid: 2c117888d59130642a21f782fecef88c,
        type: 3}
      propertyPath: m_AnchoredPosition.y
      value: 1.380127
      objectReference: {fileID: 0}
    - target: {fileID: 8605841378589165217, guid: 2c117888d59130642a21f782fecef88c,
        type: 3}
      propertyPath: m_IsActive
      value: 0
      objectReference: {fileID: 0}
    - target: {fileID: 9211070120021860957, guid: 2c117888d59130642a21f782fecef88c,
        type: 3}
      propertyPath: m_AnchoredPosition.x
      value: 52.799805
      objectReference: {fileID: 0}
    m_RemovedComponents: []
  m_SourcePrefab: {fileID: 100100000, guid: 2c117888d59130642a21f782fecef88c, type: 3}
